[gd_scene load_steps=17 format=2]

[ext_resource path="res://Scripts/GameState.gd" type="Script" id=1]
[ext_resource path="res://Scenes/Player.tscn" type="PackedScene" id=2]
[ext_resource path="res://Scenes/Camera2D.tscn" type="PackedScene" id=3]
[ext_resource path="res://Scenes/PlatformTiles.tres" type="TileSet" id=4]
[ext_resource path="res://Scenes/Spikes_Bottom.tscn" type="PackedScene" id=5]
[ext_resource path="res://Scenes/Spikes.tscn" type="PackedScene" id=6]
[ext_resource path="res://Scenes/Coin.tscn" type="PackedScene" id=7]
[ext_resource path="res://SFX/Chiptune_Adventures_1.ogg" type="AudioStream" id=8]
[ext_resource path="res://SFX/jump1.ogg" type="AudioStream" id=9]
[ext_resource path="res://Scripts/Jump_SFX.gd" type="Script" id=10]
[ext_resource path="res://SFX/pain.ogg" type="AudioStream" id=11]
[ext_resource path="res://Scripts/Pain_SFX.gd" type="Script" id=12]
[ext_resource path="res://Scenes/Spikeman.tscn" type="PackedScene" id=13]
[ext_resource path="res://Scenes/Cloud.tscn" type="PackedScene" id=14]
[ext_resource path="res://Scenes/Jump Pad.tscn" type="PackedScene" id=15]
[ext_resource path="res://Scenes/Portal.tscn" type="PackedScene" id=16]

[node name="Level1" type="Node2D" index="0"]

script = ExtResource( 1 )
starting_lives = 3
coin_target_for_extra_life = 15

[node name="Player" parent="." index="0" instance=ExtResource( 2 )]

position = Vector2( 145.993, 281.019 )
rotation = -0.0161115

[node name="Camera2D" parent="Player" index="2" instance=ExtResource( 3 )]

zoom = Vector2( 2, 2 )
limit_left = -240
limit_bottom = 2560
smoothing_enabled = true
_sections_unfolded = [ "Limit", "Smoothing" ]

[node name="TileMap" type="TileMap" parent="." index="1"]

mode = 0
tile_set = ExtResource( 4 )
cell_size = Vector2( 64, 64 )
cell_quadrant_size = 16
cell_custom_transform = Transform2D( 1, 0, 0, 1, 0, 0 )
cell_half_offset = 2
cell_tile_origin = 0
cell_y_sort = false
cell_clip_uv = false
collision_use_kinematic = false
collision_friction = 1.0
collision_bounce = 0.0
collision_layer = 2
collision_mask = 1
occluder_light_mask = 1
format = 1
tile_data = PoolIntArray( -917423, 0, 0, -917417, 0, 0, -786360, 3, 0, -589787, 4, 0, -589769, 4, 0, -589746, 3, 0, -458705, 4, 0, -393144, 3, 0, -327652, 4, 0, -196541, 3, 0, 36, 4, 0, 62, 1, 0, 262188, 4, 0, 327701, 2, 0, 393216, 4, 0, 524301, 2, 0, 524339, 4, 0, 589854, 0, 0, 655429, 1, 0, 720955, 4, 0, 786440, 1, 0, 851992, 0, 0, 917582, 2, 0, 1114129, 5, 0, 1179713, 1, 0, 1245268, 2, 0, 1310779, 1, 0, 1507337, 4, 0, 1507380, 1, 0, 1507421, 2, 0, 1572898, 0, 0, 1703984, 1, 0, 1769488, 5, 0, 1769500, 5, 0, 1769558, 2, 0, 1900585, 0, 0, 1966102, 5, 0, 2031694, 2, 0, 2162760, 5, 0 )
_sections_unfolded = [ "Collision" ]

[node name="Down_Spikes" type="Node2D" parent="." index="2"]

editor/display_folded = true

[node name="Spikes_Top" parent="Down_Spikes" index="0" instance=ExtResource( 5 )]

position = Vector2( 1620, 420 )

[node name="Spikes_Top2" parent="Down_Spikes" index="1" instance=ExtResource( 5 )]

position = Vector2( 2480, 1650 )

[node name="Spikes_Top3" parent="Down_Spikes" index="2" instance=ExtResource( 5 )]

position = Vector2( 5690, 1330 )

[node name="Spikes_Top4" parent="Down_Spikes" index="3" instance=ExtResource( 5 )]

position = Vector2( 5070, 1010 )

[node name="Spikes_Top5" parent="Down_Spikes" index="4" instance=ExtResource( 5 )]

position = Vector2( 4490, 750 )

[node name="Spikes_Top6" parent="Down_Spikes" index="5" instance=ExtResource( 5 )]

position = Vector2( 2470, -460 )

[node name="Spikes_Top7" parent="Down_Spikes" index="6" instance=ExtResource( 5 )]

position = Vector2( 4720, -650 )

[node name="Top_Spikes" type="Node2D" parent="." index="3"]

editor/display_folded = true

[node name="Spikes_Top" parent="Top_Spikes" index="0" instance=ExtResource( 6 )]

position = Vector2( 1030, 490 )

[node name="Spikes_Top2" parent="Top_Spikes" index="1" instance=ExtResource( 6 )]

position = Vector2( 880, 1460 )

[node name="Spikes_Top3" parent="Top_Spikes" index="2" instance=ExtResource( 6 )]

position = Vector2( 2240, 1520 )

[node name="Spikes_Top4" parent="Top_Spikes" index="3" instance=ExtResource( 6 )]

position = Vector2( 2150, 560 )

[node name="Spikes_Top5" parent="Top_Spikes" index="4" instance=ExtResource( 6 )]

position = Vector2( 3900, 1260 )

[node name="Spikes_Top6" parent="Top_Spikes" index="5" instance=ExtResource( 6 )]

position = Vector2( 5190, 1960 )

[node name="Spikes_Top7" parent="Top_Spikes" index="6" instance=ExtResource( 6 )]

position = Vector2( 5460, 1200 )

[node name="Spikes_Top8" parent="Top_Spikes" index="7" instance=ExtResource( 6 )]

position = Vector2( 3980, 680 )

[node name="Spikes_Top10" parent="Top_Spikes" index="8" instance=ExtResource( 6 )]

position = Vector2( 3060, 230 )

[node name="Spikes_Top11" parent="Top_Spikes" index="9" instance=ExtResource( 6 )]

position = Vector2( 4120, -20 )

[node name="Spikes_Top12" parent="Top_Spikes" index="10" instance=ExtResource( 6 )]

position = Vector2( 5120, -590 )

[node name="Spikes_Top13" parent="Top_Spikes" index="11" instance=ExtResource( 6 )]

position = Vector2( 3210, -460 )

[node name="Spikes_Top14" parent="Top_Spikes" index="12" instance=ExtResource( 6 )]

position = Vector2( 2370, -20 )

[node name="Spikes_Top9" parent="Top_Spikes" index="13" instance=ExtResource( 6 )]

position = Vector2( 5220, 880 )

[node name="Coins" type="Node2D" parent="." index="4"]

editor/display_folded = true

[node name="Coin" parent="Coins" index="0" instance=ExtResource( 7 )]

position = Vector2( 620, 710 )
frame = 1

[node name="Coin2" parent="Coins" index="1" instance=ExtResource( 7 )]

position = Vector2( 660, 1410 )
frame = 1

[node name="Coin3" parent="Coins" index="2" instance=ExtResource( 7 )]

position = Vector2( 1510, 1860 )
frame = 1

[node name="Coin4" parent="Coins" index="3" instance=ExtResource( 7 )]

position = Vector2( 1720, 750 )
frame = 1

[node name="Coin11" parent="Coins" index="4" instance=ExtResource( 7 )]

position = Vector2( 1220, 1440 )
frame = 1

[node name="Coin12" parent="Coins" index="5" instance=ExtResource( 7 )]

position = Vector2( 1500, 1120 )
frame = 5

[node name="Coin5" parent="Coins" index="6" instance=ExtResource( 7 )]

position = Vector2( 1550, 240 )
frame = 1

[node name="Coin24" parent="Coins" index="7" instance=ExtResource( 7 )]

position = Vector2( 1950, 340 )
frame = 1

[node name="Coin6" parent="Coins" index="8" instance=ExtResource( 7 )]

position = Vector2( 2450, 1480 )
frame = 1

[node name="Coin7" parent="Coins" index="9" instance=ExtResource( 7 )]

position = Vector2( 2860, 1780 )
frame = 1

[node name="Coin8" parent="Coins" index="10" instance=ExtResource( 7 )]

position = Vector2( 3800, 1230 )
frame = 1

[node name="Coin9" parent="Coins" index="11" instance=ExtResource( 7 )]

position = Vector2( 4670, 2050 )
frame = 1

[node name="Coin13" parent="Coins" index="12" instance=ExtResource( 7 )]

position = Vector2( 4650, 1940 )
scale = Vector2( 1.04545, 1 )
frame = 1

[node name="Coin14" parent="Coins" index="13" instance=ExtResource( 7 )]

position = Vector2( 4630, 1840 )
scale = Vector2( 1.07738, 1 )
frame = 5

[node name="Coin15" parent="Coins" index="14" instance=ExtResource( 7 )]

position = Vector2( 4620, 1740 )
scale = Vector2( 1.07738, 1 )
frame = 5

[node name="Coin16" parent="Coins" index="15" instance=ExtResource( 7 )]

position = Vector2( 4600, 1640 )
scale = Vector2( 1.07738, 1 )
frame = 5

[node name="Coin17" parent="Coins" index="16" instance=ExtResource( 7 )]

position = Vector2( 4580, 1550 )
scale = Vector2( 1.07738, 1 )
frame = 5

[node name="Coin18" parent="Coins" index="17" instance=ExtResource( 7 )]

position = Vector2( 4560, 1470 )
scale = Vector2( 1.07738, 1 )
frame = 5

[node name="Coin19" parent="Coins" index="18" instance=ExtResource( 7 )]

position = Vector2( 4520, 1380 )
scale = Vector2( 1.07738, 1 )
frame = 5

[node name="Coin20" parent="Coins" index="19" instance=ExtResource( 7 )]

position = Vector2( 4490, 1280 )
scale = Vector2( 1.07738, 1 )
frame = 3

[node name="Coin21" parent="Coins" index="20" instance=ExtResource( 7 )]

position = Vector2( 4440, 1190 )
scale = Vector2( 1.07738, 1 )
frame = 3

[node name="Coin10" parent="Coins" index="21" instance=ExtResource( 7 )]

position = Vector2( 5600, 1650 )
frame = 1

[node name="Coin22" parent="Coins" index="22" instance=ExtResource( 7 )]

position = Vector2( 5910, 1330 )
frame = 1

[node name="Coin23" parent="Coins" index="23" instance=ExtResource( 7 )]

position = Vector2( 4900, 610 )
frame = 5

[node name="Coin25" parent="Coins" index="24" instance=ExtResource( 7 )]

position = Vector2( 3820, 490 )
frame = 5

[node name="Coin26" parent="Coins" index="25" instance=ExtResource( 7 )]

position = Vector2( 3710, 430 )
frame = 5

[node name="Coin27" parent="Coins" index="26" instance=ExtResource( 7 )]

position = Vector2( 4000, -90 )
frame = 5

[node name="Coin28" parent="Coins" index="27" instance=ExtResource( 7 )]

position = Vector2( 4330, -390 )
frame = 5

[node name="Coin29" parent="Coins" index="28" instance=ExtResource( 7 )]

position = Vector2( 4890, -600 )
frame = 5

[node name="Coin30" parent="Coins" index="29" instance=ExtResource( 7 )]

position = Vector2( 4110, -640 )
frame = 5

[node name="Coin31" parent="Coins" index="30" instance=ExtResource( 7 )]

position = Vector2( 3210, -730 )
frame = 5

[node name="Coin32" parent="Coins" index="31" instance=ExtResource( 7 )]

position = Vector2( 2430, -250 )
frame = 5

[node name="Sounds" type="Node2D" parent="." index="5"]

editor/display_folded = true

[node name="Music" type="AudioStreamPlayer" parent="Sounds" index="0"]

stream = ExtResource( 8 )
volume_db = -10.0
pitch_scale = 1.0
autoplay = true
mix_target = 0
bus = "Master"

[node name="Jump_SFX" type="AudioStreamPlayer" parent="Sounds" index="1"]

pause_mode = 1
stream = ExtResource( 9 )
volume_db = -10.0
pitch_scale = 1.0
autoplay = false
mix_target = 0
bus = "Master"
script = ExtResource( 10 )
_sections_unfolded = [ "Pause" ]

[node name="Pain_SFX" type="AudioStreamPlayer" parent="Sounds" index="2"]

stream = ExtResource( 11 )
volume_db = -10.0
pitch_scale = 1.0
autoplay = false
mix_target = 0
bus = "Master"
script = ExtResource( 12 )

[node name="NPCs" type="Node2D" parent="." index="6"]

editor/display_folded = true

[node name="Spikeman" parent="NPCs" index="0" instance=ExtResource( 13 )]

position = Vector2( 1560, 240 )

[node name="Spikeman3" parent="NPCs" index="1" instance=ExtResource( 13 )]

position = Vector2( 2430, 1460 )

[node name="Spikeman4" parent="NPCs" index="2" instance=ExtResource( 13 )]

position = Vector2( 3490, 430 )

[node name="Spikeman5" parent="NPCs" index="3" instance=ExtResource( 13 )]

position = Vector2( 3740, -650 )

[node name="Spikeman6" parent="NPCs" index="4" instance=ExtResource( 13 )]

position = Vector2( 5600, 1140 )

[node name="Spikeman7" parent="NPCs" index="5" instance=ExtResource( 13 )]

position = Vector2( 5740, 1650 )

[node name="Cloud" parent="NPCs" index="6" instance=ExtResource( 14 )]

position = Vector2( 850, -250 )

[node name="Cloud2" parent="NPCs" index="7" instance=ExtResource( 14 )]

position = Vector2( 1680, 1170 )

[node name="Cloud3" parent="NPCs" index="8" instance=ExtResource( 14 )]

position = Vector2( 2730, 850 )

[node name="Cloud4" parent="NPCs" index="9" instance=ExtResource( 14 )]

position = Vector2( 4920, 230 )

[node name="Cloud5" parent="NPCs" index="10" instance=ExtResource( 14 )]

position = Vector2( 2800, -1360 )

[node name="JumpPads" type="Node2D" parent="." index="7"]

editor/display_folded = true
position = Vector2( 910, 490 )

[node name="Jump Pad" parent="JumpPads" index="0" instance=ExtResource( 15 )]

position = Vector2( 600, 1410 )

[node name="Jump Pad2" parent="JumpPads" index="1" instance=ExtResource( 15 )]

position = Vector2( 2540, 960 )

[node name="Jump Pad3" parent="JumpPads" index="2" instance=ExtResource( 15 )]

position = Vector2( 2680, 0 )

[node name="Jump Pad4" parent="JumpPads" index="3" instance=ExtResource( 15 )]

[node name="Portal" parent="." index="8" instance=ExtResource( 16 )]

position = Vector2( 5560, -1020 )

[connection signal="body_entered" from="Down_Spikes/Spikes_Top" to="Down_Spikes/Spikes_Top" method="_on_Spikes_Top_body_entered"]

[connection signal="body_entered" from="Down_Spikes/Spikes_Top2" to="Down_Spikes/Spikes_Top2" method="_on_Spikes_Top_body_entered"]

[connection signal="body_entered" from="Down_Spikes/Spikes_Top3" to="Down_Spikes/Spikes_Top3" method="_on_Spikes_Top_body_entered"]

[connection signal="body_entered" from="Down_Spikes/Spikes_Top4" to="Down_Spikes/Spikes_Top4" method="_on_Spikes_Top_body_entered"]

[connection signal="body_entered" from="Down_Spikes/Spikes_Top5" to="Down_Spikes/Spikes_Top5" method="_on_Spikes_Top_body_entered"]

[connection signal="body_entered" from="Down_Spikes/Spikes_Top6" to="Down_Spikes/Spikes_Top6" method="_on_Spikes_Top_body_entered"]

[connection signal="body_entered" from="Down_Spikes/Spikes_Top7" to="Down_Spikes/Spikes_Top7" method="_on_Spikes_Top_body_entered"]

[connection signal="body_entered" from="Portal" to="." method="_on_Portal_body_entered"]


